<?xml version="1.0" encoding="UTF-8"?><record xmlns="http://www.loc.gov/MARC21/slim" xmlns:cinclude="http://apache.org/cocoon/include/1.0" xmlns:zs="http://www.loc.gov/zing/srw/">
  <leader>00826cz  a2200193n  4500</leader>
  <controlfield tag="001">no2011132298</controlfield>
  <controlfield tag="003">DLC</controlfield>
  <controlfield tag="005">20110901075534.0</controlfield>
  <controlfield tag="008">110824n| acannaabn          |a aaa      </controlfield>
  <datafield tag="010" ind1=" " ind2=" ">
    <subfield code="a">no2011132298</subfield>
  </datafield>
  <datafield tag="035" ind1=" " ind2=" ">
    <subfield code="a">(OCoLC)oca08955460</subfield>
  </datafield>
  <datafield tag="035" ind1=" " ind2=" ">
    <subfield code="a">(Uk)008240745</subfield>
  </datafield>
  <datafield tag="040" ind1=" " ind2=" ">
    <subfield code="a">Nz</subfield>
    <subfield code="b">eng</subfield>
    <subfield code="c">Nz</subfield>
    <subfield code="d">Uk</subfield>
  </datafield>
  <datafield tag="100" ind1="1" ind2=" ">
    <subfield code="a">Cudby, Chris,</subfield>
    <subfield code="d">1975-</subfield>
  </datafield>
  <datafield tag="500" ind1="0" ind2=" ">
    <subfield code="a">Futuresports</subfield>
    <subfield code="c">(Musician),</subfield>
    <subfield code="d">1975-</subfield>
  </datafield>
  <datafield tag="670" ind1=" " ind2=" ">
    <subfield code="a">Chris Cudby, 2010</subfield>
  </datafield>
  <datafield tag="670" ind1=" " ind2=" ">
    <subfield code="a">NZ database, Aug. 10, 2011</subfield>
    <subfield code="b">(hdg.: Cudby, Chris, 1975-)</subfield>
  </datafield>
  <datafield tag="670" ind1=" " ind2=" ">
    <subfield code="a">Under the radar WWW site, Aug. 10, 2011:</subfield>
    <subfield code="b">Music news Futuresports - Fun + OK (Chris Cudby from Golden Axe has released an album of his solo material; going under the name Futuresports)</subfield>
  </datafield>
  <datafield tag="670" ind1=" " ind2=" ">
    <subfield code="a">Enjoy WWW site, Aug. 12, 2011:</subfield>
    <subfield code="b">Chris Cudby (graduated from Elam, Auckland University in 2003, where he studied in the Intermedia department)</subfield>
  </datafield>
</record>